<?xml version="1.0" encoding="UTF-8"?>
  <record xmlns="http://www.loc.gov/MARC21/slim" type="Authority">
    <leader>00000nz  a2200000oc 4500</leader>
    <controlfield tag="001">040068048</controlfield>
    <controlfield tag="003">DE-101</controlfield>
    <controlfield tag="005">20220415151500.0</controlfield>
    <controlfield tag="008">880701n||azznnbabn           | ana    |c</controlfield>
    <datafield tag="024" ind1="7" ind2=" ">
      <subfield code="a">4006804-3</subfield>
      <subfield code="0">http://d-nb.info/gnd/4006804-3</subfield>
      <subfield code="2">gnd</subfield>
    </datafield>
    <datafield tag="035" ind1=" " ind2=" ">
      <subfield code="a">(DE-101)040068048</subfield>
    </datafield>
    <datafield tag="035" ind1=" " ind2=" ">
      <subfield code="a">(DE-588)4006804-3</subfield>
    </datafield>
    <datafield tag="035" ind1=" " ind2=" ">
      <subfield code="z">(DE-588c)4006804-3</subfield>
      <subfield code="9">v:zg</subfield>
    </datafield>
    <datafield tag="040" ind1=" " ind2=" ">
      <subfield code="a">DE-101</subfield>
      <subfield code="c">DE-101</subfield>
      <subfield code="9">r:DE-101</subfield>
      <subfield code="b">ger</subfield>
      <subfield code="d">9999</subfield>
    </datafield>
    <datafield tag="042" ind1=" " ind2=" ">
      <subfield code="a">gndz</subfield>
    </datafield>
    <datafield tag="065" ind1=" " ind2=" ">
      <subfield code="a">1</subfield>
      <subfield code="2">sswd</subfield>
    </datafield>
    <datafield tag="075" ind1=" " ind2=" ">
      <subfield code="b">s</subfield>
      <subfield code="2">gndgen</subfield>
    </datafield>
    <datafield tag="075" ind1=" " ind2=" ">
      <subfield code="b">saz</subfield>
      <subfield code="b">saf</subfield>
      <subfield code="2">gndspec</subfield>
    </datafield>
    <datafield tag="079" ind1=" " ind2=" ">
      <subfield code="a">g</subfield>
      <subfield code="q">s</subfield>
      <subfield code="q">g</subfield>
      <subfield code="u">w</subfield>
      <subfield code="u">z</subfield>
      <subfield code="u">o</subfield>
    </datafield>
    <datafield tag="083" ind1="0" ind2="4">
      <subfield code="z">1</subfield>
      <subfield code="a">092</subfield>
      <subfield code="9">d:2</subfield>
      <subfield code="9">t:2007-01-01</subfield>
      <subfield code="2">22/ger</subfield>
    </datafield>
    <datafield tag="083" ind1="0" ind2="4">
      <subfield code="z">1</subfield>
      <subfield code="a">0922</subfield>
      <subfield code="9">d:2</subfield>
      <subfield code="9">t:2007-01-01</subfield>
      <subfield code="2">22/ger</subfield>
    </datafield>
    <datafield tag="083" ind1="0" ind2="4">
      <subfield code="z">2</subfield>
      <subfield code="a">2</subfield>
      <subfield code="9">d:2</subfield>
      <subfield code="9">t:2014-07-17</subfield>
      <subfield code="2">22/ger</subfield>
    </datafield>
    <datafield tag="083" ind1="0" ind2="4">
      <subfield code="a">920</subfield>
      <subfield code="9">d:2</subfield>
      <subfield code="9">t:2007-01-01</subfield>
      <subfield code="2">22/ger</subfield>
    </datafield>
    <datafield tag="150" ind1=" " ind2=" ">
      <subfield code="a">Biografie</subfield>
    </datafield>
    <datafield tag="450" ind1=" " ind2=" ">
      <subfield code="a">Biographie</subfield>
    </datafield>
    <datafield tag="450" ind1=" " ind2=" ">
      <subfield code="a">Biographisches Nachschlagewerk</subfield>
    </datafield>
    <datafield tag="450" ind1=" " ind2=" ">
      <subfield code="a">Lebensbeschreibung</subfield>
    </datafield>
    <datafield tag="450" ind1=" " ind2=" ">
      <subfield code="a">Berühmte Persönlichkeit</subfield>
      <subfield code="x">Biografie</subfield>
    </datafield>
    <datafield tag="450" ind1=" " ind2=" ">
      <subfield code="a">Biografisches Nachschlagewerk</subfield>
    </datafield>
    <datafield tag="550" ind1=" " ind2=" ">
      <subfield code="0">(DE-101)042778522</subfield>
      <subfield code="0">(DE-588)4277852-9</subfield>
      <subfield code="0">https://d-nb.info/gnd/4277852-9</subfield>
      <subfield code="a">Biograf</subfield>
      <subfield code="4">vbal</subfield>
      <subfield code="4">https://d-nb.info/standards/elementset/gnd#relatedTerm</subfield>
      <subfield code="w">r</subfield>
      <subfield code="i">Verwandter Begriff</subfield>
    </datafield>
    <datafield tag="550" ind1=" " ind2=" ">
      <subfield code="0">(DE-101)040348695</subfield>
      <subfield code="0">(DE-588)4034869-6</subfield>
      <subfield code="0">https://d-nb.info/gnd/4034869-6</subfield>
      <subfield code="a">Lebenslauf</subfield>
      <subfield code="4">vbal</subfield>
      <subfield code="4">https://d-nb.info/standards/elementset/gnd#relatedTerm</subfield>
      <subfield code="w">r</subfield>
      <subfield code="i">Verwandter Begriff</subfield>
    </datafield>
    <datafield tag="550" ind1=" " ind2=" ">
      <subfield code="0">(DE-101)959720766</subfield>
      <subfield code="0">(DE-588)4604036-5</subfield>
      <subfield code="0">https://d-nb.info/gnd/4604036-5</subfield>
      <subfield code="a">Biografik</subfield>
      <subfield code="4">vbal</subfield>
      <subfield code="4">https://d-nb.info/standards/elementset/gnd#relatedTerm</subfield>
      <subfield code="w">r</subfield>
      <subfield code="i">Verwandter Begriff</subfield>
    </datafield>
    <datafield tag="667" ind1=" " ind2=" ">
      <subfield code="a">Bearbeitungssperre (Top500) - Änderungswünsche an DNB</subfield>
    </datafield>
    <datafield tag="667" ind1=" " ind2=" ">
      <subfield code="a">RDA: Als Formangabe für die Art des Inhalts nach RDA 7.2.1.3, D-A-CH zugelassen</subfield>
    </datafield>
    <datafield tag="667" ind1=" " ind2=" ">
      <subfield code="a">Beispiel in RSWK 4. Aufl.</subfield>
    </datafield>
    <datafield tag="667" ind1=" " ind2=" ">
      <subfield code="a">Erfasse den einzelnen geografischen Namen, die einzelne Person oder Personengruppe und ergänze die Formangabe; z. B. "Großbritannien" oder  "Boyen, Hermann von" oder "Chemiker" ergänzt mit der Formangabe "Biografie".</subfield>
    </datafield>
    <datafield tag="670" ind1=" " ind2=" ">
      <subfield code="a">M</subfield>
    </datafield>
    <datafield tag="677" ind1=" " ind2=" ">
      <subfield code="a">Darstellung der Lebensgeschichte eines Menschen (RDA AH-007).</subfield>
    </datafield>
    <datafield tag="680" ind1=" " ind2=" ">
      <subfield code="a">1. Für die vorliegende Biografie einer einzelnen Person, wenn die Lebensbeschreibung überwiegt, und für die Darstellung eines einzelnen Lebensabschnitts. 2. Für Sammlungen von Biografien (RDA AH-007). Soweit Sachschlagwort nicht als literarische Gattung behandelt (benutze hierfür das SW Biografische Literatur). Kann bei Darstellung einer einzelnen Lebensphase mit einer Zeitangabe verbunden werden. Bezieht sich "Biografie" auf Personengruppen, so erfolgt die Zeitangabe mit Geschichte und Jahreszahlen nach dem Sach-SW. Bei umfassenden biografischen Nachschlagewerken und bei Biografiensammlungen in Verbindung mit Geografika u. Ethnografika entfällt das SW "Historische Persönlichkeit" in Verbindung mit der Formangabe Biografie. "Bildbiografie" ist nach Möglichkeit durch die beiden Formangaben "Biografie" und "Bildband" darzustellen.</subfield>
    </datafield>
    <datafield tag="750" ind1=" " ind2="7">
      <subfield code="0">(DE-101)1133604056</subfield>
      <subfield code="0">(DLC)sh85014152</subfield>
      <subfield code="0">https://id.loc.gov/authorities/subjects/sh85014152</subfield>
      <subfield code="a">Biography</subfield>
      <subfield code="4">EQ</subfield>
      <subfield code="i">Aequivalenz</subfield>
      <subfield code="2">lcsh</subfield>
      <subfield code="9">L:eng</subfield>
    </datafield>
    <datafield tag="750" ind1=" " ind2="7">
      <subfield code="0">(DE-101)113462381X</subfield>
      <subfield code="0">(DLC)sh85014164</subfield>
      <subfield code="0">https://id.loc.gov/authorities/subjects/sh85014164</subfield>
      <subfield code="a">Biography as a literary form</subfield>
      <subfield code="4">EQ</subfield>
      <subfield code="i">Aequivalenz</subfield>
      <subfield code="2">lcsh</subfield>
      <subfield code="9">L:eng</subfield>
    </datafield>
    <datafield tag="750" ind1=" " ind2="7">
      <subfield code="0">(DE-101)1133604056</subfield>
      <subfield code="0">(FrPBN)FRBNF119357647</subfield>
      <subfield code="0">https://data.bnf.fr/ark:/12148/cb11935764v</subfield>
      <subfield code="a">Biographies</subfield>
      <subfield code="4">EQ</subfield>
      <subfield code="i">Aequivalenz</subfield>
      <subfield code="2">ram</subfield>
      <subfield code="9">L:fre</subfield>
    </datafield>
    <datafield tag="750" ind1=" " ind2="7">
      <subfield code="0">(DE-101)1254334130</subfield>
      <subfield code="0">(It)8985</subfield>
      <subfield code="0">https://purl.org/bncf/tid/8985</subfield>
      <subfield code="a">Biografie</subfield>
      <subfield code="4">EQ</subfield>
      <subfield code="i">Aequivalenz</subfield>
      <subfield code="2">nsbncf</subfield>
      <subfield code="9">L:ita</subfield>
    </datafield>
    <datafield tag="750" ind1=" " ind2="7">
      <subfield code="0">(DE-101)1254412336</subfield>
      <subfield code="0">(SpMaBN)XX558607</subfield>
      <subfield code="0">https://datos.bne.es/resource/XX558607</subfield>
      <subfield code="a">Biografía</subfield>
      <subfield code="4">EQ</subfield>
      <subfield code="i">Aequivalenz</subfield>
      <subfield code="2">embne</subfield>
      <subfield code="9">L:spa</subfield>
    </datafield>
    <datafield tag="750" ind1=" " ind2="7">
      <subfield code="0">(DE-101)1253484031</subfield>
      <subfield code="0">(ItRFAO)916</subfield>
      <subfield code="0">https://aims.fao.org/aos/agrovoc/c_916</subfield>
      <subfield code="a">biographies</subfield>
      <subfield code="4">=EQ</subfield>
      <subfield code="i">exakte Aequivalenz</subfield>
      <subfield code="2">agrovoc</subfield>
      <subfield code="9">L:eng</subfield>
    </datafield>
    <datafield tag="750" ind1=" " ind2="7">
      <subfield code="0">(DE-101)970539940</subfield>
      <subfield code="0">(GESIS)10035940</subfield>
      <subfield code="0">http://lod.gesis.org/thesoz/concept_10035940</subfield>
      <subfield code="a">Biographie</subfield>
      <subfield code="4">=EQ</subfield>
      <subfield code="i">exakte Aequivalenz</subfield>
      <subfield code="2">thesoz</subfield>
    </datafield>
    <datafield tag="913" ind1=" " ind2=" ">
      <subfield code="S">swd</subfield>
      <subfield code="i">s</subfield>
      <subfield code="a">Biographie</subfield>
      <subfield code="0">(DE-588c)4006804-3</subfield>
    </datafield>
  </record>
